@article{Almunia2018,
   abstract = {This paper analyzes the effects of size-dependent tax enforcement on firms' tax compliance. We exploit quasi-experimental variation generated by a Large Taxpayers Unit (LTU) in Spain, which monitors firms with more than €6 million in reported revenue. Firms strategically bunch below the eligibility threshold in order to avoid stricter tax enforcement. The response is stronger in sectors where transactions leave more paper trail, suggesting that monitoring effort and the traceability of information reported by firms are complements. We estimate that there would be substantial welfare gains from extending stricter tax monitoring to smaller businesses. (JEL H25, H26, H32, L25) I n recent decades, many tax administrations have established special units to monitor and improve the tax compliance of the largest taxpayers, following the advice of multilateral organizations such as the IMF and the OECD (Benon, Baer, and Toro 2002, CTPA 2011). The expected benefits from establishing Large Taxpayers Units (LTUs) include the ability to raise higher tax revenues and, more generally, increasing the efficiency of tax administration. Despite the widespread adoption of this size-dependent tax enforcement strategy around the world, there is very little micro-level evidence of the effects of LTUs on firm behavior. Moreover, we are not aware of any existing empirical research that evaluates the welfare effects of size-dependent tax enforcement. In this paper, we study the effects of size-dependent tax enforcement on firms' tax compliance and the welfare implications of this policy. In particular, we analyze how firms respond to the increased monitoring effort created by the eligibility). A previous version of this paper circulated under the title "Heterogeneous Responses to Effective Tax Enforcement: Evidence from Spanish Firms." We thank Emmanuel Saez for constant support and encouragement throughout this project. We gratefully acknowledge many useful comments and suggestions from},
   author = {Miguel Almunia and David Lopez-Rodriguez},
   doi = {10.1257/pol.20160229},
   issue = {1},
   journal = {American Economic Journal: Economic Policy},
   pages = {1-38},
   title = {Under the Radar: The Effects of Monitoring Firms on Tax Compliance †},
   volume = {10},
   url = {https://doi.org/10.1257/pol.20160229},
   year = {2018},
}
@collection{Perry1990,
   author = {Guillermo Perry and Lucia Orozco de Triana},
   editor = {Malcolm Gillis and Carl S. Shoup and Gerardo P. Sicat},
   title = {The VAT in Colombia},
   booktitle = {Value Added Taxation in Developing Countries},
   address = {Washington, D.C.},
   pages = {180-194},
   publisher = {The World Bank},
   year = {1990},
}

@inproceedings{Sanchez1994,
   abstract = {Aspectos de equidad, eficiencia, y simplificación administrativa* l. INTRODUCCION El objeto de este trabajo es estudiar las reformas tributarias realizadas en Colombia entre 1980 y 1992 para establecer cuáles de ellas fueron sido exitosas, anal izándolas en sus aspectos de recaudación, equidad, eficiencia y simplificación administrativa. La primera parte del artículo describe brevemente los objetivos que las motivaron y las herramientas utilizadas en su aplicación. La segunda parte recoge algunos de los resultados del trabajo sobre el impacto de las reformas en equidad , eficiencia y simplificación administrativa. En la tercera parte se resumen las conclusiones y las principales lecciones derivadas del estudio. 11. CRONOLOGIA DE LAS REFORMAS A. Reforma tributaria de 1983 La reforma se llevó a cabo con el objetivo de sustituir los ingresos de la Cuenta Especial de Cambios por ingresos tributarios, para reducir el déficit fiscal y evitar su financiación con recursos de emisión. A su vez, la reforma buscaba reactivar la economía Fabio Sánchez Torres Catalina Gutiérrez Sourdis aumentando la inversión mediante incentivos tributarios. Para lograr los objetivos mencionados se amplió y reestructuró la base tributaria y se simplificó el cobro de los tributos, reduciéndose el número de personas obligadas a declarar renta y extendiéndose la renta presuntiva al comercio y los intermediarios financieros. Se eliminó, además, la doble tributación para las sociedades anónimas y se redujeron las tasas para las sociedades limitadas y las personas naturales. Uno de los aspectos más importantes de la reforma fue la extensión del IVA al comercio y detal, y la unificación y simplificación de las tarifas. B. Reforma tributaria de 1986 La reforma se llevó a cabo con el objetivo de devolver la equidad y la neutralidad al impuesto de renta, fortalecer la administración tributaria y adecuar la estructura tributaria a la movilidad internacional de capitales. *Este artículo resume algunos de los resultados del trabajo realizado para la CEPAL, con motivo del VI Seminario Regional de Política Fiscal realizado en Chile en enero de 1994.},
   author = {Fabio Sanchez Torres and Catalina Gutierrez Sourdis},
   institution = {CEPAL},
   title = {Reformas tributarias en Colombia 1980-1992. Aspectos de equidad, eficiencia, y simplificación administrativa},
   booktitle  = {VI Seminario Regional de Política Fiscal},
   year = {1994},
}

